<collection xmlns="http://www.loc.gov/MARC21/slim"><record><leader>00890nam  2200253   450</leader><controlfield tag="001">96</controlfield><controlfield tag="003">http://montalegre.opacnet.com/OPAC/default.aspx?ContentAreaControl=ShowRegHoldings.ascx&amp;RegNo=16662</controlfield><datafield tag="021" ind1=" " ind2=" "><subfield code="a">PT</subfield><subfield code="b">15521/87</subfield></datafield><datafield tag="095" ind1=" " ind2=" "><subfield code="a">PTBN00040427</subfield></datafield><datafield tag="100" ind1=" " ind2=" "><subfield code="a">19870525g19879999m  y0pory010305  ba</subfield></datafield><datafield tag="101" ind1="1" ind2=" "><subfield code="a">por</subfield><subfield code="c">eng</subfield></datafield><datafield tag="102" ind1=" " ind2=" "><subfield code="a">PT</subfield></datafield><datafield tag="200" ind1="1" ind2=" "><subfield code="a">Sete contos góticos</subfield><subfield code="f">Karen Blixen</subfield><subfield code="g">trad. Maria José Jorge</subfield></datafield><datafield tag="210" ind1=" " ind2=" "><subfield code="a">Lisboa</subfield><subfield code="c">Dom Quixote</subfield><subfield code="d">1987</subfield></datafield><datafield tag="215" ind1=" " ind2=" "><subfield code="a">v.</subfield><subfield code="d">21 cm</subfield></datafield><datafield tag="225" ind1="2" ind2=" "><subfield code="a">Biblioteca de bolso Dom Quixote</subfield><subfield code="h">secção I</subfield><subfield code="i">Ficção</subfield><subfield code="v">15</subfield><subfield code="v">16</subfield></datafield><datafield tag="304" ind1=" " ind2=" "><subfield code="a">Tít. orig. Seven gothic tales</subfield></datafield><datafield tag="675" ind1=" " ind2=" "><subfield code="a">830.8-34</subfield><subfield code="v">BN</subfield><subfield code="z">por</subfield></datafield><datafield tag="700" ind1=" " ind2="1"><subfield code="a">Blixen</subfield><subfield code="b">Karen</subfield><subfield code="f">1885-1962</subfield></datafield><datafield tag="702" ind1=" " ind2="1"><subfield code="a">Jorge</subfield><subfield code="b">Maria José</subfield><subfield code="4">730</subfield></datafield><datafield tag="801" ind1=" " ind2="0"><subfield code="a">PT</subfield><subfield code="b">Biblioteca Municipal de Montalegre</subfield><subfield code="g">RPC</subfield></datafield><datafield tag="856" ind1=" " ind2=" "><subfield code="u">locateMedia.asp?cod=20060508162315&amp;ext=jpg</subfield><subfield code="z">CAPA</subfield></datafield><datafield tag="856" ind1=" " ind2=" "><subfield code="u">locateMedia.asp?cod=20060508170009&amp;ext=jpg</subfield><subfield code="z">CAPA</subfield></datafield><datafield tag="909" ind1="&#9;" ind2=" "><subfield code="a">2</subfield></datafield><datafield tag="966" ind1=" " ind2=" "><subfield code="a">0008286</subfield><subfield code="l">BMM</subfield><subfield code="s">SCG 821 BLI set 15</subfield></datafield><datafield tag="966" ind1=" " ind2=" "><subfield code="a">0011638</subfield><subfield code="l">BMM</subfield><subfield code="s">SCG 821 BLI set 16</subfield></datafield></record></collection>